<record><leader>00000cas a2200000 i 4500</leader><controlfield tag="001">1007519137</controlfield><controlfield tag="006">m     o  d        </controlfield><controlfield tag="007">cr |||||||||||</controlfield><controlfield tag="008">171025d1851185umsuwr neo     0   a0eng  </controlfield><datafield ind1=" " ind2=" " tag="010"><subfield code="a">  2017218879</subfield></datafield><datafield ind1=" " ind2=" " tag="040"><subfield code="a">DLC</subfield><subfield code="b">eng</subfield><subfield code="e">rda</subfield><subfield code="c">DLC</subfield><subfield code="d">DLC</subfield><subfield code="d">OCLCF</subfield></datafield><datafield ind1="0" ind2=" " tag="022"><subfield code="a">2575-7342</subfield><subfield code="2">1</subfield></datafield><datafield ind1=" " ind2=" " tag="042"><subfield code="a">pcc</subfield><subfield code="a">nsdp</subfield></datafield><datafield ind1=" " ind2=" " tag="043"><subfield code="a">n-us-ms</subfield></datafield><datafield ind1="1" ind2="0" tag="050"><subfield code="a">ISSN RECORD</subfield></datafield><datafield ind1="1" ind2="0" tag="082"><subfield code="a">071</subfield><subfield code="2">23</subfield></datafield><datafield ind1="0" ind2=" " tag="130"><subfield code="a">Southern reveille (Port Gibson, Miss. : 1851)</subfield></datafield><datafield ind1=" " ind2="0" tag="222"><subfield code="a">Southern reveille</subfield><subfield code="b">(Port Gibson, Miss. 1851. Online)</subfield></datafield><datafield ind1="1" ind2="0" tag="245"><subfield code="a">Southern reveille.</subfield></datafield><datafield ind1=" " ind2="1" tag="264"><subfield code="a">Port Gibson, Claiborne County, Miss. :</subfield><subfield code="b">Lemuel O. Bridewell</subfield></datafield><datafield ind1=" " ind2=" " tag="300"><subfield code="a">1 online resource</subfield></datafield><datafield ind1=" " ind2=" " tag="310"><subfield code="a">Weekly</subfield></datafield><datafield ind1=" " ind2=" " tag="336"><subfield code="a">text</subfield><subfield code="b">txt</subfield><subfield code="2">rdacontent</subfield></datafield><datafield ind1=" " ind2=" " tag="337"><subfield code="a">computer</subfield><subfield code="b">c</subfield><subfield code="2">rdamedia</subfield></datafield><datafield ind1=" " ind2=" " tag="338"><subfield code="a">online resource</subfield><subfield code="b">cr</subfield><subfield code="2">rdacarrier</subfield></datafield><datafield ind1="1" ind2=" " tag="362"><subfield code="a">Began in 1851.</subfield></datafield><datafield ind1=" " ind2=" " tag="588"><subfield code="a">Description based on: Volume 1, number 4 (September 17, 1851); title from masthead (Chroniclingamerica.loc.gov, viewed October 25, 2017).</subfield></datafield><datafield ind1=" " ind2=" " tag="588"><subfield code="a">Latest issue consulted: Volume 2, number 17 (December 15, 1852) (Chroniclingamerica.loc.gov, viewed October 25, 2017).</subfield></datafield><datafield ind1=" " ind2="0" tag="651"><subfield code="a">Port Gibson (Miss.)</subfield><subfield code="v">Newspapers.</subfield></datafield><datafield ind1=" " ind2="7" tag="651"><subfield code="a">Mississippi</subfield><subfield code="z">Port Gibson.</subfield><subfield code="2">fast</subfield><subfield code="0">(OCoLC)fst01219474</subfield></datafield><datafield ind1=" " ind2="7" tag="655"><subfield code="a">Newspapers.</subfield><subfield code="2">fast</subfield><subfield code="0">(OCoLC)fst01423814</subfield></datafield><datafield ind1=" " ind2=" " tag="752"><subfield code="a">United States</subfield><subfield code="b">Mississippi</subfield><subfield code="c">Claiborne</subfield><subfield code="d">Port Gibson.</subfield></datafield><datafield ind1="0" ind2="8" tag="776"><subfield code="i">Originally issued in print:</subfield><subfield code="t">Southern reveille (Port Gibson, Miss. : 1851)</subfield><subfield code="x">2575-7334</subfield><subfield code="w">(DLC)sn 87065481</subfield><subfield code="w">(OCoLC)16275104</subfield></datafield><datafield ind1="0" ind2="0" tag="785"><subfield code="t">Port Gibson reveille (Port Gibson, Miss. : 1853)</subfield><subfield code="x">2575-7377</subfield><subfield code="w">(DLC)  2017218880</subfield><subfield code="w">(OCoLC)1007523223</subfield></datafield><datafield ind1="4" ind2="0" tag="856"><subfield code="u">http://www.loc.gov/chroniclingamerica/lccn/sn87065481/issues</subfield></datafield></record>